<?xml version="1.0" encoding="UTF-8"?><collection xmlns="http://www.loc.gov/MARC21/slim"><record><leader>00450nam--2200133-i-4500</leader><controlfield tag="001">000013487</controlfield><controlfield tag="002">20161230</controlfield><controlfield tag="005">20161230201030</controlfield><controlfield tag="008">060222s1000------------r-----000-0-eng-d</controlfield><datafield ind1=" " ind2=" " tag="100"><subfield code="a">Croft, L.R</subfield></datafield><datafield ind1=" " ind2=" " tag="245"><subfield code="a">Handbook of protein sequence analysis. a compilation of amino acid sequences of proteins with an introduction to the methodology. second edition</subfield></datafield><datafield ind1=" " ind2=" " tag="260"><subfield code="a">New York, John Wiley &amp; Sons, 1980</subfield></datafield><datafield ind1=" " ind2=" " tag="490"><subfield code="a">Xiv+628p</subfield></datafield><datafield ind1=" " ind2=" " tag="852"><subfield code="a">547.96:577.112(035.5)</subfield></datafield></record></collection>